<?xml version="1.0" encoding="UTF-8"?><collection xmlns="http://www.loc.gov/MARC21/slim"><record><leader>00324nam--2200133-i-4500</leader><controlfield tag="001">000046773</controlfield><controlfield tag="002">20161230</controlfield><controlfield tag="005">20161230201046</controlfield><controlfield tag="008">060222s1000------------r-----000-0-eng-d</controlfield><datafield ind1=" " ind2=" " tag="100"><subfield code="a">Vogel, Theodore</subfield></datafield><datafield ind1=" " ind2=" " tag="245"><subfield code="a">Physique mathematique classique</subfield></datafield><datafield ind1=" " ind2=" " tag="260"><subfield code="a">Paris, A.Colin, 1956</subfield></datafield><datafield ind1=" " ind2=" " tag="490"><subfield code="a">Collection A Collin</subfield></datafield><datafield ind1=" " ind2=" " tag="852"><subfield code="a">12114</subfield></datafield></record></collection>